@techreport{Boin2010,
author = {Boin, Arjen and Comfort, Louise K},
title = {{The Rise of Resilience The Rise and Fall of Public Institutions View project Transboundary Crisis Management View project}},
year = {2010}
}
